@article{Nowotarski,
  author = "Jakub Nowotarski, Rafa≈Ç Weron",
  title = "Recent advances in electricity price forecasting: A review of probabilistic forecasting",
  journal = "Renewable and Sustainable Energy Reviews",
  volume = "81",
  part = "1",
  pages = "1548--1568",
  year = "2018",
  DOI = "http://dx.doi.org/10.1016/j.rser.2017.05.234",
  keywords = "energy, eletricity",
}
